@book{hastie,
   author={Hastie and Trevor and Tibshirani and Robert and Friedman and Jerome},
   year={2009},
   title = {The Elements of Statistical Learning},
   publisher = {Springer},
   pages={15-23}
}


@article{MSEdecomposition,
   author={Pankaj Mehta and Ching-Hao Wang and Alexandre G. R. Day and Clint Richardson and Marin Bukov and Charles K. Fisher and David J. Schwab},
   title={A high-bias, low-variance introduction to Machine Learning for physicists},
   journal={arxiv.org},
   year=2018,
   pages={12-13}
}


@article{lasso,
    author={Wessel N. van Wieringen},
    title={Lecture notes on ridge regression},
    journal={arxiv.org},
    year=2018,
    pages={60-63}
}


